@article{russell2008labelme,
  title={LabelMe: a database and web-based tool for image annotation},
  author={Russell, Bryan C and Torralba, Antonio and Murphy, Kevin P and Freeman, William T},
  journal={International journal of computer vision},
  volume={77},
  number={1},
  pages={157--173},
  year={2008},
  publisher={Springer}
}

@misc{labelbox,
  title={Labelbox},
  year={2018},
  howpublished = {\url{https://www.labelbox.com/}},
  note = {Accessed: 2018-05-20}
}

@misc{dataturks,
  title={Dataturks},
  year={2018},
  howpublished = {\url{https://dataturks.com/}},
  note = {Accessed: 2018-05-20}
}

@misc{dutta2016via,
  author = "Dutta, A. and Gupta, A. and Zissermann, A.",
  title = "{VGG} Image Annotator ({VIA})",
  year = "2016",
  howpublished = "http://www.robots.ox.ac.uk/~vgg/software/via/",
  note = "Accessed: 2018-05-20"
}

@misc{annotationpackage,
  title={Image annotation package},
  year={2018},
  howpublished = {\url{https://github.com/mpizenberg/elm-image-annotation}},
  note = {Accessed: 2018-05-20}
}

@misc{annotationappgithub,
  title={Application source code},
  year={2018},
  howpublished = {\url{https://github.com/mpizenberg/annotation-app}},
  note = {Accessed: 2018-05-20}
}

@article{everingham2010pascal,
  title={The pascal visual object classes (voc) challenge},
  author={Everingham, Mark and Van Gool, Luc and Williams, Christopher KI and Winn, John and Zisserman, Andrew},
  journal={International journal of computer vision},
  volume={88},
  number={2},
  pages={303--338},
  year={2010},
  publisher={Springer}
}

@inproceedings{czaplicki2013asynchronous,
  title={Asynchronous functional reactive programming for GUIs},
  author={Czaplicki, Evan and Chong, Stephen},
  booktitle={ACM SIGPLAN Notices},
  volume={48},
  number={6},
  pages={411--422},
  year={2013},
  organization={ACM}
}

@misc{czaplicki2017elm,
  title={Elm},
  author={Czaplicki, Evan},
  year={2017},
  howpublished = {\url{http://elm-lang.org/}},
  note = {Accessed: 2018-05-20}
}

@misc{annotationappdoc,
  title={Application documentation},
  year={2018},
  howpublished = {\url{https://reva-n7.gitbook.io/annotation-app/}},
  note = {Accessed: 2018-05-20}
}
