@misc{browser-market-share,
  title={Worldwide browser market share},
  year={2019},
  howpublished = {\url{http://gs.statcounter.com/browser-market-share/all/worldwide/2019}},
  note = {Accessed: 2019-06-15}
}

@misc{google-chrome,
  title={Google announce Chrome},
  year={2008},
  month={September},
  howpublished = {\url{https://blog.chromium.org/2008/09/google-chromes-need-for-speed_02.html}},
  note = {Accessed: 2019-06-17}
}

@misc{ecmascript,
  title={ECMAScript standard specification, 5.1 Edition},
  year={2011},
  month={June},
  howpublished = {\url{http://www.ecma-international.org/ecma-262/5.1/\#sec-11.6.1}},
  note = {Accessed: 2019-06-17}
}

@misc{clark-jit,
  title={A crash course in just-in-time (JIT) compilers},
  author={Lin Clark},
  year={2017},
  month={February},
  howpublished = {\url{https://hacks.mozilla.org/2017/02/a-crash-course-in-just-in-time-jit-compilers/}},
  note = {Accessed: 2019-06-17}
}

@misc{node-js-speaker,
  title={Speaker description, Ryan Dahl: Node.js, Evented I/O for V8 Javascript},
  year={2009},
  month={September},
  howpublished = {\url{https://www.jsconf.eu/2009/speaker/speakers_selected.html}},
  note = {Accessed: 2019-06-17}
}

@misc{node-js-video,
  title={Original Node.js presentation},
  author={Ryan Dahl},
  year={2009},
  month={November},
  howpublished = {\url{https://youtu.be/ztspvPYybIY}},
  note = {Accessed: 2019-06-17}
}

@misc{npm-video,
  title={How npm Works},
  author={Isaac Z. Schlueter},
  year={2011},
  month={May},
  howpublished = {\url{https://youtu.be/ShRDgdvlZQ8}},
  note = {Accessed: 2019-06-19}
}

@misc{npm-event-stream,
  title={Details about the event-stream incident},
  year={2018},
  month={November},
  howpublished = {\url{https://blog.npmjs.org/post/180565383195/details-about-the-event-stream-incident}},
  note = {Accessed: 2019-06-19}
}
