@book{depew1895one,
  title={One Hundred Years of American Commerce},
  author={Depew, Chauncey Mitchell},
  year={1895},
  publisher={DO Haynes}
}

@misc{westinghouse1869,
  author = {George Westinghouse Jr.},
  title = {Improvement in steam-power-brake devices},
  year = {1869},
  howpublished = {US patent 88929A},
}
