@misc{sae-cars,
  author = {SAE International},
  title = {Taxonomy and Definitions for Terms Related to Driving Automation Systems for On-Road Motor Vehicles, revision of June 2018},
  year = {2018},
  month = {June},
  howpublished = {\url{https://www.sae.org/standards/content/j3016_201806/}},
  note = {Accessed: 2019-11-26}
}

@misc{audia8,
  author = {Michael McAleer},
  title = {Audiâ€™s self-driving A8: drivers can watch YouTube or check emails at 60km/h},
  year = {2017},
  month = {July},
  howpublished = {\url{https://www.irishtimes.com/life-and-style/motors/audi-s-self-driving-a8-drivers-can-watch-youtube-or-check-emails-at-60km-h-1.3150496}},
  note = {Accessed: 2019-11-26}
}

@misc{elaineherzberg,
  key = {elaineherzberg},
  title = {Death of Elaine Herzberg},
  year = {2018},
  month = {March},
  howpublished = {\url{https://en.wikipedia.org/wiki/Death_of_Elaine_Herzberg}},
  note = {Accessed: 2019-11-27}
}

@inproceedings{lin2014microsoft,
  title={Microsoft coco: Common objects in context},
  author={Lin, Tsung-Yi and Maire, Michael and Belongie, Serge and Hays, James and Perona, Pietro and Ramanan, Deva and Doll{\'a}r, Piotr and Zitnick, C Lawrence},
  booktitle={European conference on computer vision},
  pages={740--755},
  year={2014},
  organization={Springer}
}

@inproceedings{pizenberg2017outlining,
 author = {Pizenberg, Matthieu and Carlier, Axel and Faure, Emmanuel and Charvillat, Vincent},
 title = {Outlining Objects for Interactive Segmentation on Touch Devices},
 booktitle = {Proceedings of the 25th ACM International Conference on Multimedia},
 series = {MM '17},
 year = {2017},
 isbn = {978-1-4503-4906-2},
 location = {Mountain View, California, USA},
 pages = {1734--1742},
 numpages = {9},
 url = {http://doi.acm.org/10.1145/3123266.3123409},
 doi = {10.1145/3123266.3123409},
 acmid = {3123409},
 publisher = {ACM},
 address = {New York, NY, USA},
 keywords = {interactive segmentation, outlining, usability, user study},
}

@inproceedings{pizenberg2018annotation,
 author = {Pizenberg, Matthieu and Carlier, Axel and Faure, Emmanuel and Charvillat, Vincent},
 title = {Web-Based Configurable Image Annotations},
 booktitle = {Proceedings of the 26th ACM International Conference on Multimedia},
 series = {MM '18},
 year = {2018},
 isbn = {978-1-4503-5665-7},
 location = {Seoul, Republic of Korea},
 pages = {1368--1371},
 numpages = {4},
 url = {http://doi.acm.org/10.1145/3240508.3243656},
 doi = {10.1145/3240508.3243656},
 acmid = {3243656},
 publisher = {ACM},
 address = {New York, NY, USA},
 keywords = {annotation, dataset, open source software},
}

@misc{msrc-safer,
  author = {Ryan Levick},
  title = {We need a safer systems programming language},
  year = {2019},
  month = {July},
  howpublished = {\url{https://msrc-blog.microsoft.com/2019/07/18/we-need-a-safer-systems-programming-language/}},
  note = {Accessed: 2019-11-26}
}
