@article{smith2009new,
  title={The new college vision and laser data set},
  author={Smith, Mike and Baldwin, Ian and Churchill, Winston and Paul, Rohan and Newman, Paul},
  journal={The International Journal of Robotics Research},
  volume={28},
  number={5},
  pages={595--599},
  year={2009},
  publisher={SAGE Publications Sage UK: London, England}
}

@inproceedings{behley2019iccv,
  author = {J. Behley and M. Garbade and A. Milioto and J. Quenzel and S. Behnke and C. Stachniss and J. Gall},
  title = {{SemanticKITTI: A Dataset for Semantic Scene Understanding of LiDAR Sequences}},
  booktitle = {Proc. of the IEEE/CVF International Conf.~on Computer Vision (ICCV)},
  year = {2019}
}

@InProceedings{palazzolo2019iros,
  author = {E. Palazzolo and J. Behley and P. Lottes and P. Gigu\`ere and C. Stachniss},
  title = {{ReFusion: 3D Reconstruction in Dynamic Environments for RGB-D Cameras Exploiting Residuals}},
  booktitle = {iros},
  year = {2019},
  url = {http://www.ipb.uni-bonn.de/pdfs/palazzolo2019iros.pdf},
  codeurl = {https://github.com/PRBonn/refusion},
  videourl = {https://youtu.be/1P9ZfIS5-p4},
}

@article{geiger2013vision,
  title={Vision meets robotics: The KITTI dataset},
  author={Geiger, Andreas and Lenz, Philip and Stiller, Christoph and Urtasun, Raquel},
  journal={The International Journal of Robotics Research},
  volume={32},
  number={11},
  pages={1231--1237},
  year={2013},
  publisher={Sage Publications Sage UK: London, England}
}

@inproceedings{sturm2012benchmark,
  title={A benchmark for the evaluation of RGB-D SLAM systems},
  author={Sturm, J{\"u}rgen and Engelhard, Nikolas and Endres, Felix and Burgard, Wolfram and Cremers, Daniel},
  booktitle={2012 IEEE/RSJ International Conference on Intelligent Robots and Systems},
  pages={573--580},
  year={2012},
  organization={IEEE}
}

@misc{MotionAnalysis,
  title={MotionAnalysis},
  key={MotionAnalysis},
  howpublished = {\url{https://www.motionanalysis.com}},
  note = {Accessed: 2020-01-17}
}

@inproceedings{handa2014benchmark,
  title={A benchmark for RGB-D visual odometry, 3D reconstruction and SLAM},
  author={Handa, Ankur and Whelan, Thomas and McDonald, John and Davison, Andrew J},
  booktitle={2014 IEEE international conference on Robotics and automation (ICRA)},
  pages={1524--1531},
  year={2014},
  organization={IEEE}
}

@article{engel2016photometrically,
  title={A photometrically calibrated benchmark for monocular visual odometry},
  author={Engel, Jakob and Usenko, Vladyslav and Cremers, Daniel},
  journal={arXiv preprint arXiv:1607.02555},
  year={2016}
}

@inproceedings{schubert2018tum,
  title={The TUM VI benchmark for evaluating visual-inertial odometry},
  author={Schubert, David and Goll, Thore and Demmel, Nikolaus and Usenko, Vladyslav and St{\"u}ckler, J{\"o}rg and Cremers, Daniel},
  booktitle={2018 IEEE/RSJ International Conference on Intelligent Robots and Systems (IROS)},
  pages={1680--1687},
  year={2018},
  organization={IEEE}
}

@inproceedings{cortes2018advio,
  title={ADVIO: An authentic dataset for visual-inertial odometry},
  author={Cort{\'e}s, Santiago and Solin, Arno and Rahtu, Esa and Kannala, Juho},
  booktitle={Proceedings of the European Conference on Computer Vision (ECCV)},
  pages={419--434},
  year={2018}
}

@article{carlevaris2016university,
  title={University of Michigan North Campus long-term vision and lidar dataset},
  author={Carlevaris-Bianco, Nicholas and Ushani, Arash K and Eustice, Ryan M},
  journal={The International Journal of Robotics Research},
  volume={35},
  number={9},
  pages={1023--1035},
  year={2016},
  publisher={SAGE Publications Sage UK: London, England}
}

@article{burri2016euroc,
  title={The EuRoC micro aerial vehicle datasets},
  author={Burri, Michael and Nikolic, Janosch and Gohl, Pascal and Schneider, Thomas and Rehder, Joern and Omari, Sammy and Achtelik, Markus W and Siegwart, Roland},
  journal={The International Journal of Robotics Research},
  volume={35},
  number={10},
  pages={1157--1163},
  year={2016},
  publisher={SAGE Publications Sage UK: London, England}
}

@misc{povray,
  title={POV-Ray, Persistence of Vision (TM) Raytracer},
  key={POVRay},
  howpublished = {\url{https://www.povray.org}},
  note = {Accessed: 2020-01-20}
}

@incollection{huang2017visual,
  title={Visual odometry and mapping for autonomous flight using an RGB-D camera},
  author={Huang, Albert S and Bachrach, Abraham and Henry, Peter and Krainin, Michael and Maturana, Daniel and Fox, Dieter and Roy, Nicholas},
  booktitle={Robotics Research},
  pages={235--252},
  year={2017},
  publisher={Springer}
}

@inproceedings{newcombe2011kinectfusion,
  title={KinectFusion: Real-time dense surface mapping and tracking},
  author={Newcombe, Richard A and Izadi, Shahram and Hilliges, Otmar and Molyneaux, David and Kim, David and Davison, Andrew J and Kohi, Pushmeet and Shotton, Jamie and Hodges, Steve and Fitzgibbon, Andrew},
  booktitle={2011 10th IEEE International Symposium on Mixed and Augmented Reality},
  pages={127--136},
  year={2011},
  organization={IEEE}
}

@inproceedings{steinbrucker2011real,
  title={Real-time visual odometry from dense RGB-D images},
  author={Steinbr{\"u}cker, Frank and Sturm, J{\"u}rgen and Cremers, Daniel},
  booktitle={2011 IEEE international conference on computer vision workshops (ICCV Workshops)},
  pages={719--722},
  year={2011},
  organization={IEEE}
}
