@inproceedings{devernay1995automatic,
  title={Automatic calibration and removal of distortion from scenes of structured environments},
  author={Devernay, Fr{\'e}d{\'e}ric and Faugeras, Olivier D},
  booktitle={Investigative and Trial Image Processing},
  volume={2567},
  pages={62--72},
  year={1995},
  organization={International Society for Optics and Photonics}
}

@inproceedings{stein1997lens,
  title={Lens distortion calibration using point correspondences},
  author={Stein, Gideon P},
  booktitle={Proceedings of IEEE Computer Society Conference on Computer Vision and Pattern Recognition},
  pages={602--608},
  year={1997},
  organization={IEEE}
}

@inproceedings{fitzgibbon2001simultaneous,
  title={Simultaneous linear estimation of multiple view geometry and lens distortion},
  author={Fitzgibbon, Andrew W},
  booktitle={Proceedings of the 2001 IEEE Computer Society Conference on Computer Vision and Pattern Recognition. CVPR 2001},
  volume={1},
  pages={I--I},
  year={2001},
  organization={IEEE}
}

@article{longuet1981computer,
  title={A computer algorithm for reconstructing a scene from two projections},
  author={Longuet-Higgins, H Christopher},
  journal={Nature},
  volume={293},
  number={5828},
  pages={133},
  year={1981},
  publisher={Nature Publishing Group}
}

@book{faugeras1993three,
  title={Three-dimensional computer vision: a geometric viewpoint},
  author={Faugeras, Olivier and FAUGERAS, OLIVIER AUTOR},
  year={1993},
  publisher={MIT press}
}

@article{weng1993optimal,
  title={Optimal motion and structure estimation},
  author={Weng, Juyang and Ahuja, Narendra and Huang, Thomas S},
  journal={IEEE Transactions on pattern analysis and machine intelligence},
  volume={15},
  number={9},
  pages={864--884},
  year={1993},
  publisher={IEEE}
}

@inproceedings{spetsakis1987closed,
  title={Closed Form Solution to the Structure from Motion Problem from Line Correspondences.},
  author={Spetsakis, Minas E and Aloimonos, Yiannis},
  booktitle={AAAI},
  pages={738--743},
  year={1987}
}

@inproceedings{shashua1994trilinearity,
  title={Trilinearity in visual recognition by alignment},
  author={Shashua, Amnon},
  booktitle={European Conference on Computer Vision},
  pages={479--484},
  year={1994},
  organization={Springer}
}

@article{tomasi1992shape,
  title={Shape and motion from image streams under orthography: a factorization method},
  author={Tomasi, Carlo and Kanade, Takeo},
  journal={International journal of computer vision},
  volume={9},
  number={2},
  pages={137--154},
  year={1992},
  publisher={Springer}
}

@article{maimone2007two,
  title={Two years of visual odometry on the mars exploration rovers},
  author={Maimone, Mark and Cheng, Yang and Matthies, Larry},
  journal={Journal of Field Robotics},
  volume={24},
  number={3},
  pages={169--186},
  year={2007},
  publisher={Wiley Online Library}
}

@inproceedings{dunbabin2005hybrid,
  title={A hybrid AUV design for shallow water reef navigation},
  author={Dunbabin, Matthew and Roberts, Jonathan and Usher, Kane and Winstanley, Graeme and Corke, Peter},
  booktitle={Proceedings of the 2005 IEEE International Conference on Robotics and Automation},
  pages={2105--2110},
  year={2005},
  organization={IEEE}
}

@article{bertozzi2011viac,
  title={Viac expedition toward autonomous mobility [from the field]},
  author={Bertozzi, Massimo and Broggi, Alberto and Cardarelli, Elena and Fedriga, Rean Isabella and Mazzei, Luca and Porta, Pier Paolo},
  journal={IEEE Robotics \& Automation Magazine},
  volume={18},
  number={3},
  pages={120--124},
  year={2011},
  publisher={IEEE}
}

@inproceedings{schops2014semi,
  title={Semi-dense visual odometry for AR on a smartphone},
  author={Sch{\"o}ps, Thomas and Engel, Jakob and Cremers, Daniel},
  booktitle={2014 IEEE international symposium on mixed and augmented reality (ISMAR)},
  pages={145--150},
  year={2014},
  organization={IEEE}
}

@article{matthies1987error,
  title={Error modeling in stereo navigation},
  author={Matthies, Larry and Shafer, STEVENA},
  journal={IEEE Journal on Robotics and Automation},
  volume={3},
  number={3},
  pages={239--248},
  year={1987},
  publisher={IEEE}
}

@techreport{moravec1980obstacle,
  title={Obstacle avoidance and navigation in the real world by a seeing robot rover.},
  author={Moravec, Hans P},
  year={1980},
  institution={Stanford Univ CA Dept of Computer Science}
}

@inproceedings{nister2004visual,
  title={Visual odometry},
  author={Nist{\'e}r, David and Naroditsky, Oleg and Bergen, James},
  booktitle={Proceedings of the 2004 IEEE Computer Society Conference on Computer Vision and Pattern Recognition, 2004. CVPR 2004.},
  volume={1},
  pages={I--I},
  year={2004},
  organization={Ieee}
}

@inproceedings{nister2003efficient,
  title={An efficient solution to the five-point relative pose problem},
  author={Nister, David},
  booktitle={2003 IEEE Computer Society Conference on Computer Vision and Pattern Recognition, 2003. Proceedings.},
  volume={2},
  pages={II--195},
  year={2003},
  organization={IEEE}
}

@article{zhang2012microsoft,
  title={Microsoft kinect sensor and its effect},
  author={Zhang, Zhengyou},
  journal={IEEE multimedia},
  volume={19},
  number={2},
  pages={4--10},
  year={2012},
  publisher={IEEE}
}
