@misc{Java3dAPISpec,
  title={Java 3D API Specification, Version 1.1.2},
  author={Sun microsystems},
  year={1999},
  month={June},
  howpublished = {\url{https://docs.oracle.com/cd/E17802_01/j2se/javase/technologies/desktop/java3d/forDevelopers/j3dguide/j3dTOC.doc.html}},
  note = {Accessed: 2019-10-22}
}

@MastersThesis{Glazer1999InteractiveRT,
  title={Interactive Ray Tracing of VRML Scenes in Java},
  author={Brendon C. Glazer},
  school={Massachusetts Institute of Technology},
  year={1999}
}

@misc{JreCve,
  title={Vulnerability statistics for Oracle JRE},
  key={JreCve},
  howpublished = {\url{https://www.cvedetails.com/product/19117/Oracle-JRE.html?vendor_id=93}},
  note = {Accessed: 2019-10-22}
}

@misc{HistoryFlash,
  title={The History of Flash},
  author={Jonathan Gay},
  howpublished = {\url{https://web.archive.org/web/20080120200126/http://www.adobe.com:80/macromedia/events/john_gay/index.html}},
  note = {Accessed: 2019-10-23}
}

@misc{FlashBadNielsen,
  title={Flash: 99\% Bad},
  author={Jakob Nielsen},
  year={2000},
  month={October},
  howpublished = {\url{https://www.nngroup.com/articles/flash-99-percent-bad/}},
  note = {Accessed: 2019-10-23}
}

@misc{FlashJobs,
  title={Thoughts on Flash},
  author={Steve Jobs},
  year={2000},
  month={April},
  howpublished = {\url{https://www.apple.com/hotnews/thoughts-on-flash/}},
  note = {Accessed: 2019-10-23}
}

@misc{FlashCVE,
  title={Vulnerability statistics for Flash},
  key={FlashCve},
  howpublished = {\url{https://www.cvedetails.com/product/6761/Adobe-Flash-Player.html?vendor_id=53}},
  note = {Accessed: 2019-10-23}
}

@inproceedings{yee2009native,
  title={Native client: A sandbox for portable, untrusted x86 native code},
  author={Yee, Bennet and Sehr, David and Dardyk, Gregory and Chen, J Bradley and Muth, Robert and Ormandy, Tavis and Okasaka, Shiki and Narula, Neha and Fullagar, Nicholas},
  booktitle={2009 30th IEEE Symposium on Security and Privacy},
  pages={79--93},
  year={2009},
  organization={IEEE}
}

@article{donovan2010pnacl,
  title={PNaCl: Portable native client executables},
  author={Donovan, Alan and Muth, Robert and Chen, Brad and Sehr, David},
  journal={Google White Paper},
  year={2010}
}

@inproceedings{zakai2011emscripten,
  title={Emscripten: an LLVM-to-JavaScript compiler},
  author={Zakai, Alon},
  booktitle={Proceedings of the ACM international conference companion on Object oriented programming systems languages and applications companion},
  pages={301--312},
  year={2011},
  organization={ACM}
}

@inproceedings{lattner2004llvm,
  title={LLVM: A compilation framework for lifelong program analysis \& transformation},
  author={Lattner, Chris and Adve, Vikram},
  booktitle={Proceedings of the international symposium on Code generation and optimization: feedback-directed and runtime optimization},
  pages={75},
  year={2004},
  organization={IEEE Computer Society}
}

@misc{herman2013asm,
  title={asm.js: Working Draft},
  author={Herman, David and Wagner, Luke and Zakai, Alon},
  howpublished = {\url{http://asmjs.org/spec/latest}},
  year={2013},
  note = {Accessed: 2019-10-24}
}

@misc{autocadweb,
  title={AutoCAD's journey to the Web},
  author={Dania El Hassan},
  howpublished = {\url{https://youtu.be/BfkL3WgOPdI}},
  year={2019},
  month={October},
  note = {Accessed: 2019-10-25}
}

@inproceedings{taheri2018opencv,
  title={OpenCV. js: Computer Vision processing for the open Web platform},
  author={Taheri, Sajjad and Vedienbaum, Alexander and Nicolau, Alexandru and Hu, Ningxin and Haghighat, Mohammad R},
  booktitle={Proceedings of the 9th ACM Multimedia Systems Conference},
  pages={478--483},
  year={2018},
  organization={ACM}
}

@inproceedings{haas2017bringing,
  title={Bringing the web up to speed with WebAssembly},
  author={Haas, Andreas and Rossberg, Andreas and Schuff, Derek L and Titzer, Ben L and Holman, Michael and Gohman, Dan and Wagner, Luke and Zakai, Alon and Bastien, JF},
  booktitle={ACM SIGPLAN Notices},
  volume={52},
  number={6},
  pages={185--200},
  year={2017},
  organization={ACM}
}

@inproceedings{watt2018mechanising,
  title={Mechanising and verifying the WebAssembly specification},
  author={Watt, Conrad},
  booktitle={Proceedings of the 7th ACM SIGPLAN International Conference on Certified Programs and Proofs},
  pages={53--65},
  year={2018},
  organization={ACM}
}

@misc{wasmer,
  title={Wasmer, the Universal WebAssembly Runtime},
  key={wasmer},
  howpublished = {\url{https://wasmer.io/}},
  note = {Accessed: 2019-10-25}
}

@misc{wasmtime,
  title={Wasmtime, A small and efficient runtime for WebAssembly \& WASI},
  key={wasmtime},
  howpublished = {\url{https://wasmtime.dev/}},
  note = {Accessed: 2019-10-25}
}

@misc{wasi,
  title={Standardizing WASI: A system interface to run WebAssembly outside the web},
  author={Lin Clark},
  year={2019},
  month={March},
  howpublished = {\url{https://hacks.mozilla.org/2019/03/standardizing-wasi-a-webassembly-system-interface/}},
  note = {Accessed: 2019-10-27}
}

@misc{wait,
  title={WebAssembly Interface Types: Interoperate with All the Things!},
  author={Lin Clark},
  year={2019},
  month={August},
  howpublished = {\url{https://hacks.mozilla.org/2019/08/webassembly-interface-types/}},
  note = {Accessed: 2019-10-27}
}

@misc{waitvideo,
  title={WebAssembly Interface Types: Interoperate with All the Things!},
  author={Lin Clark},
  year={2019},
  month={August},
  howpublished = {\url{https://youtu.be/Qn_4F3foB3Q}},
  note = {Accessed: 2019-10-27}
}

@incollection{claerbout1992electronic,
  title={Electronic documents give reproducible research a new meaning},
  author={Claerbout, Jon F and Karrenbach, Martin},
  booktitle={SEG Technical Program Expanded Abstracts 1992},
  pages={601--604},
  year={1992},
  publisher={Society of Exploration Geophysicists}
}

@incollection{buckheit1995wavelab,
  title={Wavelab and reproducible research},
  author={Buckheit, Jonathan B and Donoho, David L},
  booktitle={Wavelets and statistics},
  pages={55--81},
  year={1995},
  publisher={Springer}
}

@article{barnes2010publish,
  title={Publish your computer code: it is good enough},
  author={Barnes, Nick},
  journal={Nature News},
  volume={467},
  number={7317},
  pages={753--753},
  year={2010},
  publisher={Nature Publishing Group}
}

@article{limare2011ipol,
  title={The ipol initiative: Publishing and testing algorithms on line for reproducible research in image processing},
  author={Limare, Nicolas and Morel, Jean-Michel},
  journal={Procedia computer science},
  volume={4},
  pages={716--725},
  year={2011},
  publisher={Elsevier}
}

@misc{acm2018badging,
  title={Artifact Review and Badging},
  author={ACM},
  year={2018},
  month={April},
  howpublished = {\url{https://www.acm.org/publications/policies/artifact-review-badging}},
  note = {Accessed: 2019-10-28}
}

@misc{acmmmreproducibility,
  title={Overall ACM Multimedia Reproducibility Objectives},
  author={ACM Multimedia},
  year={2019},
  howpublished = {\url{https://project.inria.fr/acmmmreproducibility/}},
  note = {Accessed: 2019-10-28}
}

@article{merkel2014docker,
  title={Docker: lightweight linux containers for consistent development and deployment},
  author={Merkel, Dirk},
  journal={Linux Journal},
  volume={2014},
  number={239},
  pages={2},
  year={2014}
}

@article{boettiger2015introduction,
  title={An introduction to Docker for reproducible research},
  author={Boettiger, Carl},
  journal={ACM SIGOPS Operating Systems Review},
  volume={49},
  number={1},
  pages={71--79},
  year={2015},
  publisher={ACM}
}

@misc{hykes2019twitter,
  title={Solomon Hykes tweet about the importance of WebAssembly},
  author={Solomon Hykes},
  year={2019},
  month={March},
  howpublished = {\url{https://twitter.com/solomonstre/status/1111004913222324225?lang=en}},
  note = {Accessed: 2019-10-28}
}

@inproceedings{steinbrucker2011real,
  title={Real-time visual odometry from dense RGB-D images},
  author={Steinbr{\"u}cker, Frank and Sturm, J{\"u}rgen and Cremers, Daniel},
  booktitle={2011 IEEE International Conference on Computer Vision Workshops (ICCV Workshops)},
  pages={719--722},
  year={2011},
  organization={IEEE}
}

@misc{rustlovedso,
  title={Rust elected most loved programming language in StackOverflow 2019 developer survey},
  key={rustlovedso},
  year={2019},
  howpublished = {\url{https://insights.stackoverflow.com/survey/2019}},
  note = {Accessed: 2019-10-30}
}

@article{girard1987linear,
  title={Linear logic},
  author={Girard, Jean-Yves},
  journal={Theoretical computer science},
  volume={50},
  number={1},
  pages={1--101},
  year={1987},
  publisher={Elsevier}
}

@article{wadler1991there,
  title={Is there a use for linear logic?},
  author={Wadler, Philip},
  journal={PEPM},
  volume={91},
  pages={255--273},
  year={1991},
  publisher={Citeseer}
}

@article{baker1992lively,
  title={Lively linear Lisp:“look ma, no garbage!”},
  author={Baker, Henry G},
  journal={ACM Sigplan notices},
  volume={27},
  number={8},
  pages={89--98},
  year={1992},
  publisher={ACM}
}

@inproceedings{clarke1998ownership,
  title={Ownership types for flexible alias protection},
  author={Clarke, David G and Potter, John M and Noble, James},
  booktitle={ACM SIGPLAN Notices},
  volume={33},
  number={10},
  pages={48--64},
  year={1998},
  organization={ACM}
}

@article{weiss2019oxide,
  title={Oxide: The Essence of Rust},
  author={Weiss, Aaron and Patterson, Daniel and Matsakis, Nicholas D and Ahmed, Amal},
  journal={arXiv preprint arXiv:1903.00982},
  year={2019}
}

@misc{wasmbindgen,
  title={wasm-bindgen, Facilitating high-level interactions between Wasm modules and JavaScript},
  key={wasmbindgen},
  howpublished = {\url{https://github.com/rustwasm/wasm-bindgen}},
  note = {Accessed: 2019-10-30}
}

@misc{wasmpack,
  title={Your favorite Rust -> Wasm workflow tool!},
  key={wasmpack},
  howpublished = {\url{https://github.com/rustwasm/wasm-pack}},
  note = {Accessed: 2019-10-30}
}

@misc{jssys,
  title={js-sys, Raw bindings to JS global APIs for projects using wasm-bindgen},
  key={jssys},
  howpublished = {\url{https://github.com/rustwasm/wasm-bindgen/tree/master/crates/js-sys}},
  note = {Accessed: 2019-10-30}
}

@misc{websys,
  title={web-sys, Raw bindings to Web APIs for projects using wasm-bindgen},
  key={websys},
  howpublished = {\url{https://github.com/rustwasm/wasm-bindgen/tree/master/crates/web-sys}},
  note = {Accessed: 2019-10-30}
}
